 
@preamble{ "\newcommand{\noopsort}[1]{} "
        # "\newcommand{\printfirst}[2]{#1} "
        # "\newcommand{\singleletter}[1]{#1} "
        # "\newcommand{\switchargs}[2]{#2#1} " }


@MISC{bron:beslissingsboom,
	howpublished = "\url{https://medium.com/machine-learning-bites/machine-learning-decision-tree-classifier-9eb67cad263e}"}


@MISC{bron:supportvectormachines,
	howpublished = "\url{https://subscription.packtpub.com/book/big_data_and_business_intelligence/9781788994170/5/ch05lvl1sec36/support-vector-machines}"}

@MISC{bron:regressieanalyse,
	howpublished = "\url{https://en.wikipedia.org/wiki/Regression_analysis}"}

@MISC{bron:mlalgoritmes,
	howpublished = "\url{ https://elitedatascience.com/machine-learning-algorithms}"}

@MISC{bron:fotoeerstesbc,
	howpublished = "\url{https://nl.wikipedia.org/wiki/Singleboardcomputer}"}

@MISC{bron:supportvectormachines,
	howpublished = "\url{https://subscription.packtpub.com/book/big_data_and_business_intelligence/9781788994170/5/ch05lvl1sec36/support-vector-machines}"}

@MISC{bron:bbai,
	howpublished = "\url{https://beagleboard.org/ai}"}

@MISC{bron:coraldev,
	howpublished = "\url{https://venturebeat.com/2019/10/22/googles-coral-ai-edge-hardware-launches-out-of-beta/}"}

@MISC{bron:jetsonnano,
	howpublished = "\url{https://developer.nvidia.com/embedded/jetson-nano}"}

@MISC{bron:jetsontx2,
	howpublished = "\url{https://developer.nvidia.com/embedded/jetson-tx2}"}

@MISC{bron:sigmoidfoto,
	howpublished = "\url{https://towardsdatascience.com/activation-functions-neural-networks-1cbd9f8d91d6}"}

@MISC{bron:rpi4,
	howpublished = "\url{https://www.raspberrypi.org/products/raspberry-pi-4-model-b/}"}

@article{Minar18,
	author = {Minar, Matiur Rahman and Naher, Jibon},
	year = {2018},
	month = {02},
	pages = {},
	title = {Recent Advances in Deep Learning: An Overview},
	doi = {10.13140/RG.2.2.24831.10403}
}

@article{bloem2014fourth,
	title={The fourth industrial revolution},
	author={Bloem, Jaap and Van Doorn, Menno and Duivestein, Sander and Excoffier, David and Maas, Ren{\'e} and Van Ommeren, Erik},
	journal={Things Tighten},
	volume={8},
	year={2014}
}

@article{barreto2017industry,
	title={Industry 4.0 implications in logistics: an overview},
	author={Barreto, Luis and Amaral, Antonio and Pereira, Teresa},
	journal={Procedia Manufacturing},
	volume={13},
	pages={1245--1252},
	year={2017},
	publisher={Elsevier}
}

@ARTICLE{edgecomputingLi,
	author={H. {Li} and K. {Ota} and M. {Dong}},
	journal={IEEE Network},
	title={Learning IoT in Edge: Deep Learning for the Internet of Things with Edge Computing},
	year={2018},
	volume={32},
	number={1},
	pages={96-101},
	keywords={cloud computing;Internet of Things;learning (artificial intelligence);edge computing environment;IoT deep learning applications;deep learning tasks;Internet of Things;Machine learning;Edge computing;Cloud computing;Feature extraction;Task analysis;Computational modeling;Servers},
	doi={10.1109/MNET.2018.1700202},
	ISSN={1558-156X},
	month={Jan},}